<record><leader>00000cas a22000007a 4500</leader><controlfield tag="001">20081055</controlfield><controlfield tag="008">890727d197519uucouwr ne      0    0eng d</controlfield><datafield ind1=" " ind2=" " tag="010"><subfield code="a">sn 89052209 </subfield></datafield><datafield ind1=" " ind2=" " tag="040"><subfield code="a">CNQ</subfield><subfield code="b">eng</subfield><subfield code="c">CNQ</subfield><subfield code="d">OCLCQ</subfield><subfield code="d">COD</subfield></datafield><datafield ind1=" " ind2=" " tag="042"><subfield code="a">msc</subfield></datafield><datafield ind1="0" ind2=" " tag="130"><subfield code="a">Town &amp; country review (Boulder, Colo. : 1975)</subfield></datafield><datafield ind1="1" ind2="0" tag="245"><subfield code="a">Town &amp; country review.</subfield></datafield><datafield ind1="3" ind2="0" tag="246"><subfield code="a">Town and country review</subfield></datafield><datafield ind1="3" ind2="0" tag="246"><subfield code="a">T &amp; C town &amp; country review</subfield></datafield><datafield ind1="3" ind2="0" tag="246"><subfield code="a">T and C town and country review</subfield></datafield><datafield ind1=" " ind2=" " tag="260"><subfield code="a">Boulder, Colo. :</subfield><subfield code="b">James G. Johnson</subfield></datafield><datafield ind1=" " ind2=" " tag="300"><subfield code="a">v.</subfield></datafield><datafield ind1=" " ind2=" " tag="310"><subfield code="a">Weekly</subfield></datafield><datafield ind1="0" ind2=" " tag="362"><subfield code="a">Vol. 12, no. 36 (Sept. 3, 1975)-</subfield></datafield><datafield ind1=" " ind2=" " tag="530"><subfield code="a">Available on microfilm from the Colorado Historical Society.</subfield></datafield><datafield ind1=" " ind2=" " tag="752"><subfield code="a">United States</subfield><subfield code="b">Colorado</subfield><subfield code="c">Boulder</subfield><subfield code="d">Boulder.</subfield></datafield><datafield ind1="0" ind2="0" tag="780"><subfield code="t">Town &amp; country (Boulder, Colo.)</subfield><subfield code="w">(DLC)sn 89052208</subfield></datafield><datafield ind1=" " ind2=" " tag="936"><subfield code="a">REPORTED FOR DELETION--USE #23175322</subfield></datafield></record>